@InProceedings{2021gioacchini,
  author    = {{Gioacchini, L. et al.}},
  booktitle = {Proc. ACM CoNEXT},
  title     = {Dark{V}ec: automatic analysis of darknet traffic with word embeddings},
  year      = {2021},
  comment   = {Gioacchini, Luca and Vassio, Luca and Mellia, Marco and Drago, Idilio and Houidi, Zied Ben and Rossi, Dario},
}
